<?xml version="1.0" encoding="UTF-8"?><collection xmlns="http://www.loc.gov/MARC21/slim"><record><leader>00286nam--2200121-i-4500</leader><controlfield tag="001">000044938</controlfield><controlfield tag="002">20161230</controlfield><controlfield tag="005">20161230201044</controlfield><controlfield tag="008">060222s1000------------r-----000-0-eng-d</controlfield><datafield ind1=" " ind2=" " tag="245"><subfield code="a">Titrimetric methods</subfield></datafield><datafield ind1=" " ind2=" " tag="260"><subfield code="a">New York, Plenum Press, 1961, 185p</subfield></datafield><datafield ind1=" " ind2=" " tag="700"><subfield code="a">Jackson,D.S</subfield></datafield><datafield ind1=" " ind2=" " tag="852"><subfield code="a">18306</subfield></datafield></record></collection>